<record><leader>00000cas a22000007a 4500</leader><controlfield tag="001">13789428</controlfield><controlfield tag="008">860627d18991900inuwr ne      0    0eng d</controlfield><datafield ind1=" " ind2=" " tag="010"><subfield code="a">sn 86058275 </subfield></datafield><datafield ind1=" " ind2=" " tag="040"><subfield code="a">NPI</subfield><subfield code="b">eng</subfield><subfield code="c">NPI</subfield><subfield code="d">OCLCQ</subfield></datafield><datafield ind1=" " ind2=" " tag="042"><subfield code="a">msc</subfield></datafield><datafield ind1="0" ind2="4" tag="245"><subfield code="a">The Indiana cyclone.</subfield></datafield><datafield ind1=" " ind2=" " tag="260"><subfield code="a">Hobart, Ind. :</subfield><subfield code="b">Cyclone Pub. Co.</subfield></datafield><datafield ind1=" " ind2=" " tag="300"><subfield code="a">v. ;</subfield><subfield code="c">41 cm.</subfield></datafield><datafield ind1=" " ind2=" " tag="310"><subfield code="a">Weekly</subfield></datafield><datafield ind1="1" ind2=" " tag="362"><subfield code="a">Began in 1899.</subfield><subfield code="z">Cf. Miller, John W. Indiana newspaper bibliog.</subfield></datafield><datafield ind1="1" ind2=" " tag="362"><subfield code="a">Ceased in 1900.</subfield><subfield code="z">Cf. Sept. 21, 1900 issue of Hobart Gazette.</subfield></datafield><datafield ind1=" " ind2=" " tag="515"><subfield code="a">Continues the numbering of: The Hobart advertiser.</subfield></datafield><datafield ind1=" " ind2=" " tag="588"><subfield code="a">Description based on: Vol. 16, no. 35 (Mar. 2, 1900).</subfield></datafield><datafield ind1=" " ind2=" " tag="752"><subfield code="a">United States</subfield><subfield code="b">Indiana</subfield><subfield code="c">Lake</subfield><subfield code="d">Hobart.</subfield></datafield><datafield ind1="0" ind2="0" tag="780"><subfield code="t">Hobart advertiser</subfield><subfield code="w">(DLC)sn 86058274</subfield></datafield></record>